@article{wright2009robust,
  title={Robust face recognition via sparse representation},
  author={Wright, J. and Yang, A.Y. and Ganesh, A. and Sastry, S.S. and Ma, Y.},
  journal={IEEE Transactions on Pattern Analysis and Machine Intelligence},
  volume={31},
  number={2},
  pages={210--227},
  year={2009},
  publisher={IEEE}
}
